% Encoding: UTF-8

@Conference{capener2014art,
  Title                    = {Hygrothermal Performance of TES Energy Facade at two European residential building demonstrations -- Comparison between Field Measurements and Simulations},
  Author                   = {Capener, C.-M. and Burke, S. and Le Roux, S. and Ott, S. and a and b and c},
  Booktitle                = {Proceedings of 10th Nordic Symposium (2014): 10th Nordic Symposium on Building Physics, Lund, 15--19~June 2014},
  Year                     = {2014},

  Address                  = {Lund},
  Organization             = {Lund University},
  Pages                    = {1244-1251},

  Language                 = {english},
  Owner                    = {vv},
  Timestamp                = {2015.11.02}
}

@PhdThesis{descamps1996,
  Title                    = {Continuum and discrete modelling of isothermal water and air flow in porous media},
  Author                   = {Filip Descamps},
  School                   = {Katholike Unibersiteit Leuven},
  Year                     = {1996},

  Address                  = {Leuven},

  Language                 = {english},
  Numpages                 = {161},
  Owner                    = {vv},
  Timestamp                = {2015.10.20}
}

@InCollection{Kuenzel_et_al_2001,
  Title                    = {{A Hygrothermal Design Tool for Architects and Engineers (WUFI ORNL/IBP)}},
  Author                   = {K{\"u}nzel, H.M. and Karagiozis A.N. and Holm A.H.},
  Booktitle                = {{Moisture Analysis and Condensation Control in Building Envelopes}},
  Publisher                = {ASTM},
  Year                     = {2001},

  Address                  = {West Conshohocken, Philadelphia},
  Editor                   = {Heinz R. Trechsel},
  Pages                    = {136-151},
  Series                   = {ASTM manual},

  Language                 = {english},
  Organization             = {ASTM},
  Owner                    = {vv},
  Timestamp                = {2016.06.02}
}

@Article{PhysRevLett.116.167802,
  Title                    = {{Quantum ~Tunneling ~of ~Water ~in ~Beryl: ~A ~New ~State ~of ~the ~Water ~Molecule}},
  Author                   = {Kolesnikov, Alexander I. and Reiter, George F. and Choudhury, Narayani and Prisk, Timothy R. and Mamontov, Eugene and Podlesnyak, Andrey and Ehlers, George and Seel, Andrew G. and Wesolowski, David J. and Anovitz, Lawrence M.},
  Journal                  = {Phys. Rev. Lett.},
  Year                     = {2016},

  Month                    = {Apr},
  Pages                    = {167802},
  Volume                   = {116},

  Doi                      = {10.1103/PhysRevLett.116.167802},
  Issue                    = {16},
  Language                 = {english},
  Numpages                 = {6},
  Publisher                = {American Physical Society},
  Url                      = {http://link.aps.org/doi/10.1103/PhysRevLett.116.167802}
}

@Article{Polanyi1916,
  Title                    = {The Potential Theory of Adsorption},
  Author                   = {Michael Polanyi},
  Journal                  = {Verhandlungen Deutsche Physikalische Gesellschaft},
  Year                     = {1916},
  Number                   = {16},
  Pages                    = {1010-1084},

  Language                 = {english},
  Owner                    = {vv},
  Timestamp                = {2015.06.29}
}

@Book{stallman2015free,
  Title                    = {Free ~software, ~free ~society: ~selected ~essays ~of~Richard~M.~Stallman},
  Author                   = {Stallman, Richard M and Lessig, Lawrence},
  Publisher                = {GNU Press},
  Year                     = {2015},

  Address                  = {Boston},
  Edition                  = {3rd},

  Language                 = {english},
  Numpages                 = {305},
  Owner                    = {vv},
  Timestamp                = {2016.06.07}
}

@Book{trechsel2001,
  Title                    = {Moisture Analysis and Condensation Control in Building Envelopes},
  Author                   = {Heinz R. Trechsel and Mark A. Albers and Doug Burch and Eric E R Burnett and Donald G. Colliver and Andreas Hagen Holm and Achilles Nick Karagiozis and Hartwig Michael Kuenzel and Mavinkal K. Kumaran (Kumar) and Carsten Rode and HaiTi Mikael Salonvaara and John Straube and Anton TenWolde and George Tsongas and Hannu Viitanen},
  Editor                   = {Heinz R. Trechsel},
  Publisher                = {ASTM},
  Year                     = {2001},

  Address                  = {Philadelphia},
  Series                   = {ASTM manual},

  Language                 = {english},
  Numpages                 = {192},
  Owner                    = {vv},
  Timestamp                = {2015.11.16}
}

@InCollection{bogoslovcky1966art,
  Title                    = {Оценка погрешности результатов расчёта нестационарных полей при воспроизведении непрерывных источников периодическими приливаниями},
  Author                   = {Вячеслав Николаевич Богословский},
  Booktitle                = {Строительная теплофизика: сб.~науч.~ст.},
  Publisher                = {Энергия},
  Year                     = {1966},

  Address                  = {Москва-Ленинград},
  Editor                   = {Алексея Васильевича Лыкова},
  Pages                    = {148-153},

  Language                 = {russian},
  Organization             = {ИТМО АН БССР},
  Owner                    = {vv},
  Timestamp                = {2015.08.24}
}

@Book{deriagin1984plenki,
  Title                    = {Смачивающие пленки},
  Author                   = {Дерягин, Б В and Чураев, Н. В.},
  Publisher                = {Наука},
  Year                     = {1984},

  Address                  = {Москва},

  Language                 = {russian},
  Numpages                 = {160},
  Owner                    = {vv},
  Timestamp                = {2016.08.23}
}

@Article{ermolenko1960,
  Title                    = {К исследованию массопереноса в коллоидных телах},
  Author                   = {Влад Дмитр Ермоленко},
  Journal                  = {Инженерно-физический журнал},
  Year                     = {1960},
  Number                   = {8},
  Pages                    = {117-119},
  Volume                   = {III},

  Language                 = {russian},
  Owner                    = {vv},
  Timestamp                = {2015.08.01}
}

@PhdThesis{kozlov_ktn,
  Title                    = {Метод ~инженерной ~оценки ~влажностного ~состояния ~современных ~ограждающих ~конструкций ~с ~повышенным ~уровнем ~теплозащиты ~при ~учёте ~паропроницаемости, ~влагопроводности ~и ~фильтрации ~воздуха},
  Author                   = {Владимир Владимирович Козлов},
  School                   = {НИИСФ},
  Year                     = {2004},

  Address                  = {Москва},
  Type                     = {дис.~...~канд. техн. наук: 05.23.03, 05.23.01},

  Language                 = {russian},
  Numpages                 = {164},
  Owner                    = {vv},
  Timestamp                = {2015.07.21}
}

@Conference{art_krutilin_sorbcia2016,
  Title                    = {Некоторые ~результаты ~экспериментальных ~исследований ~сорбционного ~увлажнения ~ячеистых ~бетонов ~низких ~плотностей},
  Author                   = {Антон Борисович Крутилин},
  Booktitle                = {Опыт~ ~производства~ ~и ~применения ~ячеистого ~бетона ~автоклавного ~твердения: ~материалы~ ~9-й~междунар. ~науч.-практ. ~конф., ~Минск, ~\mbox{18--19}~мая ~2016~г.},
  Year                     = {2016},

  Address                  = {Минск},
  Organization             = {~редкол.: ~Н.~П.~Сажнев ~(отв.~ред.) ~~[и~др.]},
  Pages                    = {37-41},
  Publisher                = {Колорград},

  Language                 = {russian},
  Owner                    = {vv},
  Timestamp                = {2018.08.01}
}

@Book{Lykov_stf,
  Title                    = {Теоретические основы строительной теплофизики},
  Author                   = {Алексей Васильевич Лыков},
  Publisher                = {Издательство АН БССР},
  Year                     = {1961},

  Address                  = {Минск},

  Language                 = {russian},
  Numpages                 = {520},
  Owner                    = {vv},
  Timestamp                = {2013.07.23}
}

@Electronic{bell2011pyamg,
  Title                    = {{PyAMG: Algebraic multigrid solvers in Python v2.0 [Electronic resource]. --- Mode of access: http://www.pyamg.org. --- Date of access: 21.12.2015.}},
  Language                 = {english}
}

@Manual{gost15588_2014,
  Title                    = {Плиты пенополистирольные теплоизоляционные. Технические условия: ГОСТ~15588-2014.~--- Введ.~2016-01-01.~--- Минск: Госстандарт, \linebreak 2015.~---~16~c.},

  Language                 = {russian},
  Owner                    = {vv}
}

@Electronic{pogodaBY,
  Title                    = {{Архив метеонаблюдений [Электронный ресурс]~// Белгидромет. --- Режим доступа: http://pogoda.by/zip/. --- Дата доступа: 02.03.2016.}},
  Language                 = {russian}
}

@Electronic{vanovschi2015parallel,
  Title                    = {{Parallel Python Software [Electronic resource]. --- Mode of access: http://www.parallelpython.com. --- Date of access: 21.12.2015.}},
  Language                 = {english}
}

@Manual{iso200898,
  title     = {Uncertainty of Measurement -- Part 3: Guide to the expression of Uncertainty in Measurement: ISO/IEC~Guide~98-3:2008.~--- Geneva: International Organization for Standardization, 2008.~---~120~p.},
  language  = {english},
  owner     = {vv},
  timestamp = {2019.11.18},
}

@Comment{jabref-meta: databaseType:biblatex;}
