@Article{article,
author = {Author, A. A.},
title = {Long title},
journal = {Journal name},
year = {2008},
volume = {11},
pages = {11-25}
}

@InProceedings{proc,
author = {Author, A. A.},
title = {Paper title},
booktitle = {Proceedings of the conference},
pages = {23-29},
year = {2006},
addres = {Minsk}
}

@Book{Kotelnikov,
author = {Котельников, И. А. and Чеботаев, П. З.},
title = {LaTeX по-русски},
publisher = {Сибирский хронограф},
year = {2004},
edition = {3-е издание},
language = {russian}
}
