@Article{myarticle,
author = {{Author, A.A.} and {Piatrou, V.A.}},
title = {Long title},
journal = {Journal name},
year = {2008},
volume = {1},
pages = {10-15}
}

@Article{myrussianarticle,
author = {{Петров, В.А.}},
title = {Название статьи},
journal = {Название журнала},
year = {2007},
volume = {10},
pages = {110-114},
language = {russian}
}

@InProceedings{myproc,
author = {{Piatrou, V.A.}},
title = {My paper title},
booktitle = {Proceedings of the conference}
}

@Book{mybook,
author = {{Петров, В.А.}},
title = {Название книги},
publisher = {Название издательства},
year = {2006},
edition = {1-е издание},
language = {russian}
}
